<?xml version="1.0" encoding="UTF-8"?><collection xmlns="http://www.loc.gov/MARC21/slim"><record><leader>00345nam--2200133-i-4500</leader><controlfield tag="001">000044714</controlfield><controlfield tag="002">20161230</controlfield><controlfield tag="005">20161230201044</controlfield><controlfield tag="008">060222s1000------------r-----000-0-eng-d</controlfield><datafield ind1=" " ind2=" " tag="080"><subfield code="a">51</subfield></datafield><datafield ind1=" " ind2=" " tag="100"><subfield code="a">Tikhonov, A.And Arsenine, V</subfield></datafield><datafield ind1=" " ind2=" " tag="245"><subfield code="a">Methodes de resolution de problemes mal poses</subfield></datafield><datafield ind1=" " ind2=" " tag="260"><subfield code="a">Moscou, Editions Mir, 1976, 202p</subfield></datafield><datafield ind1=" " ind2=" " tag="852"><subfield code="a">78583</subfield></datafield></record></collection>